@Manual{R,
  title = {R: A Language and Environment for Statistical Computing},
  author = {{R Core Team}},
  organization = {R Foundation for Statistical Computing},
  address = {Vienna, Austria},
  year = {2016},
  note = {{ISBN} 3-900051-07-0},
  url = {https://www.R-project.org/},
}

@article{Anhoej:2014,
  Author = {J.~Anh{\o}j and A.~V. Olesen.},
	Journal = {PLoS ONE},
	Pages = {e113825},
	Title = {Run charts revisited: A simulation study of run chart rules for
  detection of non-random variation in health care processes},
	Volume = 9,
	Number = 11,
	Year = 2014,
  url = {https://doi.org/10.1371/journal.pone.0113825}
  }

@article{Anhoej:2015,
  Author = {Anh{\o}j, Jacob},
	Journal = {PLoS ONE},
	Pages = {e0121349},
	Title = {Diagnostic Value of Run Chart Analysis: Using Likelihood Ratios to Compare Run Chart Rules on Simulated Data Series},
	Volume = 10,
	Number = 3,
	Year = 2015,
  url = {https://doi.org/10.1371/journal.pone.0121349}
  }

@article{Fazekas:2010,
  Author = {Fazekas, Istv{\'a}n and Kar{\'a}csony, Zsolt and Libor, Zsuza},
	Journal = {Acta Univ. Sapientiae, Mathematica},
	Pages = {215 -- 228},
	Title = {Diagnostic Value of Run Chart Analysis: Using Likelihood Ratios to Compare Run Chart Rules on Simulated Data Series},
	Volume = 2,
	Number = 2,
	Year = 2010
}

@article{FouLHLPZ-2007,
 author = {Laurent Fousse and Guillaume Hanrot and Vincent Lef\`{e}vre and
       Patrick P\'{e}lissier and Paul Zimmermann},
 title = {MPFR: A multiple-precision binary floating-point library with
          correct rounding},
 year = {2007},
 journal = {ACM Trans. Math. Softw.},
 volume = {33},
 number = {2},
 issn = {0098-3500},
 pages = {13},
 doi = {http://doi.acm.org/10.1145/1236463.1236468},
 publisher = {ACM},
 address = {New York, NY, USA},
}

@Manual{Rmpfr,
    title = {Rmpfr: R MPFR - Multiple Precision Floating-Point Reliable},
    author = {Martin Maechler},
    year = {2018},
    note = {R package version 0.7-0},
    url = {https://CRAN.R-project.org/package=Rmpfr},
  }

@article{Schilling:2012,
  Author = {Schilling, Mark F.},
	Journal = {Mathematics Magazine},
	Pages = {141 -- 149},
	Title = {The Surprising Predictability of Long Runs},
	Volume = 85,
	Number = 2,
	Year = 2012,
  url = {https://www.jstor.org/stable/10.4169/math.mag.85.2.141}
}

